<?xml version="1.0" encoding="UTF-8"?><collection xmlns="http://www.loc.gov/MARC21/slim"><record><leader>00441nam--2200121-i-4500</leader><controlfield tag="001">000016314</controlfield><controlfield tag="002">20161230</controlfield><controlfield tag="005">20161230201031</controlfield><controlfield tag="008">060222s1000------------r-----000-0-eng-d</controlfield><datafield ind1=" " ind2=" " tag="100"><subfield code="a">Hara,Euchi</subfield></datafield><datafield ind1=" " ind2=" " tag="245"><subfield code="a">Diffusion des rayons du co 60 et du zn65 dans les elements lourds et intermediaires(etude de l effet de polarisation du vida dans la diffusion elastique des rayons gamma).these</subfield></datafield><datafield ind1=" " ind2=" " tag="260"><subfield code="a">Paris,Universite,1959./239-285/ P</subfield></datafield><datafield ind1=" " ind2=" " tag="852"><subfield code="a">78027</subfield></datafield></record></collection>